@Article{Johnson2001:mpb,
  author 		= {Johnson, Steven~G. and Joannopoulos, J.~D.},
  title 		= {Block-iterative frequency-domain methods for Maxwell's equations in a planewave basis},
  journal 		= {Opt. Express},
  year 			= 2001,
  volume 		= 8,
  number 		= 3,
  pages 		= {173--190},
  url 			= {http://www.opticsexpress.org/abstract.cfm?URI=OPEX-8-3-173}
}

@book{joannopoulos2011photonic,
  title 		= {Photonic Crystals: Molding the Flow of Light - Second Edition},
  author 		= {Joannopoulos, J.D. and Johnson, S.G. and Winn, J.N. and Meade, R.D.},
  isbn 			= {9781400828241},
  url 			= {https://books.google.hr/books?id=QrTNslcjlZEC},
  year 			= {2011},
  publisher 	= {Princeton University Press},
}

@book{time-harmonic_maxwell,
    title 		= {The Mathematical Theory of Time-Harmonic Maxwell's Equations: Expansion-, Integral-, and Variational Methods},
    author 		= {Andreas Kirsch, Frank Hettlich (auth.)},
	isbn 		= {9783319110868},
	issn 		= {2196968X},
	year 		= {2015},
	publisher 	= {Springer Cham Heidelberg New York Dordrecht London},
}

@article{introduction2003photonic,
	author 		= {Steven G. Johnson and J.D. Joannopoulos},
	title 		= {Introduction to Photonic Crystals: Bloch's Theorem, Band Diagrams, and Gaps (But No Defects)},
	year 		= {2003},
}

@book{kittel2005ssp,
	author 		= {Charles Kittel},
	title 		= {Introduction to Solid State Physics},
	year 		= {2005},
	isbn 		= {0471680575},
	publisher 	= {John Wiley and Sons, Inc.}
}

@misc{Batistic14,
  author        = {Ivo Batistić},
  title         = {Predavanja iz Fizike čvrstog stanja},
  month         = {Listopad},
  year          = {2016},
  publisher		= {Prirodoslovno-matematički fakultet Zagreb}
}

@Article{Hunter:2007,
  Author    	= {Hunter, J. D.},
  Title     	= {Matplotlib: A 2D graphics environment},
  Journal   	= {Computing In Science \& Engineering},
  Volume    	= {9},
  Number    	= {3},
  Pages     	= {90--95},
  abstract  	= {Matplotlib is a 2D graphics package used for Python
  for application development, interactive scripting, and
  publication-quality image generation across user
  interfaces and operating systems.},
  publisher 	= {IEEE COMPUTER SOC},
  doi       	= {10.1109/MCSE.2007.55},
  year      	= 2007
}
